<?xml version="1.0" encoding="UTF-8"?><record xmlns="http://www.loc.gov/MARC21/slim" xmlns:cinclude="http://apache.org/cocoon/include/1.0" xmlns:zs="http://www.loc.gov/zing/srw/">
  <leader>00421cz  a2200121n  4500</leader>
  <controlfield tag="001">n  88045710 </controlfield>
  <controlfield tag="003">DLC</controlfield>
  <controlfield tag="005">19890725133104.7</controlfield>
  <controlfield tag="008">890522n| acannaab|          |n aaa ||| b</controlfield>
  <datafield tag="010" ind1=" " ind2=" ">
    <subfield code="a">n  88045710 </subfield>
    <subfield code="z">n  88648554 </subfield>
  </datafield>
  <datafield tag="040" ind1=" " ind2=" ">
    <subfield code="a">DNLM</subfield>
    <subfield code="c">DLC</subfield>
    <subfield code="d">DLC</subfield>
  </datafield>
  <datafield tag="100" ind1="1" ind2="0">
    <subfield code="a">Carson, Sally</subfield>
  </datafield>
  <datafield tag="670" ind1=" " ind2=" ">
    <subfield code="a">Guide to the National Preventive Dentistry Demonstration Program's public use files, 1986:</subfield>
    <subfield code="b">t.p. (Sally Carson) p. facing the t.p. (Rand project staff)</subfield>
  </datafield>
</record>